Date,Rdexpense,Ceo,Revenue,NetIncome,SustGrowthRate,Ebitda,TotalEquity,ShortTermDebt,LongTermDebt,ReturnOfAssets,ReturnOfEquity,TotalAssets,TotalCurrentLiab,TotalLiab,FinLeverage,NumOfEmployees,GrossProfit,OperatingMargin,StockNow,TargetStock1Year,TargetStock2Year,TargetStock3Year,TargetStock1YGrowth,TargetStock2YGrowth,TargetStock3YGrowth
5/31/1987 00:00:00,0,,163.375,13.936,,36.017,77.717001,6.854,51.148998,,,161.843994,30.127001,84.126999,,3700,66.664001,6.854,,,,,,,
5/31/1988 00:00:00,0,,204.513,17.150999,17.926889,42.834999,94.382004,4.755,48.564999,10.037573,19.931549,179.891998,33.101002,85.51,1.985694,4630,82.027,4.755,,,,,,,
5/31/1989 00:00:00,0,,243.619003,22.058001,17.220411,53.712997,133.882004,3.93,36.874001,11.21027,19.326744,213.639999,37.888,79.758001,1.724021,5270,96.113998,3.93,,,,,,,
5/31/1990 00:00:00,0,,284.536011,26.606001,16.028258,61.388,157.441002,6.54,43.568001,11.374898,18.265637,254.162003,46.797001,96.721002,1.605785,5930,112.815018,6.54,,,,,,,
5/31/1991 00:00:00,0,,352.480011,31.339001,15.614879,77.195002,191.124001,10.942,68.973999,10.789549,17.981725,326.752014,58.651001,135.628,1.666587,6386,137.686005,10.942,,,,,,,
5/31/1992 00:00:00,0,,401.562988,39.195,16.181962,89.321001,225.863994,6.926,67.790001,11.39368,18.799102,361.260986,51.91,135.397001,1.649959,7088,158.26799,6.926,,,,,,,
5/31/1993 00:00:00,,,452.721985,44.873001,15.629878,100.074003,264.913997,4.462,103.611,11.006027,18.286477,454.165009,65.176003,189.251004,1.661497,7088,183.067993,4.462,,,,,,,
5/31/1994 00:00:00,,,523.216003,52.169998,15.391443,114.696003,309.652012,15.742,84.183998,10.916544,18.159793,501.631989,91.484001,191.979999,1.663511,7000,209.871002,15.742,,,,,,,
5/31/1995 00:00:00,,,615.098022,62.743,15.829471,132.336998,364.34399,10.03,120.275002,11.430544,18.618211,596.18103,95.012001,231.837002,1.628812,,243.833007,10.03,,,,,,,
5/31/1996 00:00:00,,,730.130005,75.182999,15.970201,171.952999,429.496997,6.592,117.924004,11.887175,18.941577,668.762024,102.594002,239.265006,1.593446,,293.320007,6.592,,,,,,,
5/31/1997 00:00:00,,,995.207,105.988,20.125439,217.967,549.825,8.322,125.566,14.019094,21.645179,843.29,146.04,293.465,1.543978,11996,401.552,8.322,,,,,,,
5/31/1998 00:00:00,,,1198.307,122.857,17.474303,241.027,654.492,8.117,180.007,13.202438,20.402768,1017.836,158.991,363.344,1.545379,16957,488.061,8.117,30.5833,41.6667,44,46.64,1,1,1
5/31/1999 00:00:00,,,1751.568,138.939,14.941461,350.061,871.423,16.37,283.581,11.455797,18.210582,1407.818,212.097,536.395,1.589639,22000,684.862,16.37,41.6667,44,46.64,52.21,0,0,0
5/31/2000 00:00:00,,,1901.991,193.387,16.939673,422.437,1042.876,16.604,254.378,12.93922,20.204472,1581.342,235.392,538.466,1.561491,22500,779.552,16.604,44,46.64,52.21,37.02,0,0,0
5/31/2001 00:00:00,,,2160.7,222.451,16.29397,480.002,1231.315,20.605,220.94,13.346128,19.563089,1752.224,250.903,520.909,1.465825,24193,896.267,20.605,46.64,52.21,37.02,45.26,1,0,0
5/31/2002 00:00:00,,,2271.052,234.251,14.447582,496.926,1423.759,18.369,703.25,10.968199,17.645535,2519.234,312.634,1095.475,1.608791,27000,957.37,18.369,52.21,37.02,45.26,40.37,0,0,0
5/31/2003 00:00:00,,,2686.585,249.253,13.24065,566.832,1646.332,28.251,534.763,9.770451,16.237499,2582.946,304.839,936.614,1.661899,27700,1119.208,28.251,37.02,45.26,40.37,42.36,1,0,0
5/31/2004 00:00:00,,,2814.059,272.205,12.594909,602.133,1887.969,10.523,473.685,10.094298,15.403612,2810.297,325.686,922.328,1.525972,28300,1186.492,10.523,45.26,40.37,42.36,38.36,0,0,0
5/31/2005 00:00:00,,,3067.283,300.518,12.301784,642.702,2104.135,7.3,465.291,10.239043,15.05562,3059.744,356.481,955.609,1.470413,30000,1304.759,7.3,40.37,42.36,38.36,29.52,0,0,0
5/31/2006 00:00:00,,,3403.608,323.382,12.615087,703.695,2090.192,4.288,794.454,9.97326,15.419971,3425.237,410.347,1335.045,1.546131,32000,1454.792,4.288,42.36,38.36,29.52,23.48,0,0,0
5/31/2007 00:00:00,,1.28801,3706.9,334.538,12.80162,753.323,2167.738,4.141,877.074,9.56408,15.713645,3570.48,403.038,1402.742,1.642985,34000,1581.355,4.141,38.36,29.52,23.48,25.36,0,0,0
5/31/2008 00:00:00,0,1.359186,3937.9,335.405,11.966614,769.358,2254.131,1.07,942.736,9.090698,15.170282,3808.601,367.242,1554.47,1.66877,34000,1681.6,1.07,29.52,23.48,25.36,32.85,0,0,0
5/31/2009 00:00:00,0,1.096735,3774.685,226.357,6.670937,566.637,2367.409,0.598,786.058,6.012496,9.795739,3720.951,317.465,1353.542,1.62923,31000,1550.871,0.598,23.48,25.36,32.85,36.9,0,1,1
5/31/2010 00:00:00,0,1.731179,3547.339,215.62,5.780344,542.868,2534.029,0.609,785.444,5.607301,8.798234,3969.736,383.682,1435.707,1.569067,30000,1497.817,0.609,25.36,32.85,36.9,45.655,1,1,1
5/31/2011 00:00:00,0,4.610308,3810.384,246.989,7.243691,591.229,2302.649,1.335,1284.79,5.93604,10.213167,4351.94,434.139,2049.291,1.720535,30000,1609.287,1.335,32.85,36.9,45.655,62.12,1,1,1
5/31/2012 00:00:00,0,3.370704,4102,297.637,10.212878,695.458,2139.135,225.636,1059.166,6.992656,13.401687,4160.906,670.891,2021.771,1.916538,30000,1738.608,225.636,36.9,45.655,62.12,86.345,1,1,1
5/31/2013 00:00:00,0,3.463429,4316.471,315.442,10.879081,754.588,2201.492,8.187,1300.979,7.41646,14.534398,4345.632,556.256,2144.14,1.959749,32000,1787.067,8.187,45.655,62.12,86.345,94.8,1,1,1
5/31/2014 00:00:00,0,4.700884,4193.844,374.442,12.220883,793.582,2192.858,0.503,1300.477,8.502235,16.901703,4462.452,630.131,2269.594,2.004411,33000,1749.759,0.503,62.12,86.345,94.8,125.88,1,1,1
5/31/2015 00:00:00,0,6.092296,4369.677,430.618,10.469541,838.721,1932.455,0,1300,9.950835,20.694042,4192.46,508.669,2260.005,2.098001,32000,1892.923,0,86.345,94.8,125.88,,0,1,
5/31/2016 00:00:00,0,7.486774,4795.772,693.52,27.004095,934.22,1842.659,250,1044.422,16.728911,36.363882,4098.815,815.555,2256.156,2.196298,35000,2101.34,250,94.8,125.88,,,1,,
5/31/2017 00:00:00,0,8.550621,5323.381,480.708,15.711555,970.286,2302.793,362.9,2770.624,8.785774,22.797996,6844.057,1130.852,4541.264,2.63973,42000,2380.295,362.9,125.88,,,,,,
