Date,Rdexpense,Ceo,Revenue,NetIncome,SustGrowthRate,Ebitda,TotalEquity,ShortTermDebt,LongTermDebt,ReturnOfAssets,ReturnOfEquity,TotalAssets,TotalCurrentLiab,TotalLiab,FinLeverage,NumOfEmployees,GrossProfit,OperatingMargin,StockNow,TargetStock1Year,TargetStock2Year,TargetStock3Year,TargetStock1YGrowth,TargetStock2YGrowth,TargetStock3YGrowth
6/30/1987 00:00:00,33.472,,1126.043945,104.899002,,205.230999,616.446991,13.93,26.58,,,933.317017,194.445007,316.870008,,4500,595.975952,13.93,,,,,,,
6/30/1988 00:00:00,30.735001,,1153.103027,132.570007,12.390919,231.937008,712.854004,80.649002,29.190001,12.792406,19.945822,1139.31897,297.776001,426.465002,1.559192,,628.531006,80.649002,,,,,,,
6/30/1989 00:00:00,37.160999,,1356.293945,124.143997,9.736197,251.383007,786.17598,94.237999,7.051,10.554632,16.563244,1213.088989,330.768005,426.913007,1.569287,5300,714.152954,94.237999,,,,,,,
6/30/1990 00:00:00,39.168999,,1484.041992,153.626007,10.359432,266.654007,810.514023,0.78,7.503,13.069971,19.24306,1137.734985,225.561996,327.220994,1.472311,5500,778.666992,0.78,,,,,,,
6/30/1991 00:00:00,47.375999,,1646.489014,52.745998,-3.351789,300.281997,784.276001,10.696,406.802002,3.849488,6.614789,1602.68103,348.429993,818.404995,1.718355,6100,867.661011,10.696,,,,,,,
6/30/1992 00:00:00,42.051998,,1547.057007,98.704002,4.793323,310.024002,813.741012,77.563004,203.626999,6.183156,12.353311,1589.993042,407.428986,776.251984,1.997897,,868.552979,77.563004,,,,,,,
6/30/1993 00:00:00,42.445,,1634.171021,167.050995,8.744629,357.906013,879.293976,39.966999,204,10.314263,19.733909,1649.22998,371.570007,769.936004,1.913264,4700,909.41803,39.966999,,,,,,,
6/30/1994 00:00:00,44.557999,,1836.948975,212.057007,10.920208,420.051003,909.416977,43.307999,216.087997,12.672229,23.710595,1697.56897,375.832001,788.151993,1.871068,4850,1016.514954,43.307999,,,,,,,
6/30/1995 00:00:00,44.819,,1984.170044,200.832001,11.58164,462.923004,943.912979,115.681999,253.078995,11.144205,21.672558,1906.671997,479.322998,962.758988,1.944738,4700,1091.998047,115.681999,,,,,,,
6/30/1996 00:00:00,45.820999,,2217.843018,222.091995,11.897753,531.574006,932.828018,192.973999,356.266998,10.872031,23.667836,2178.894043,623.885986,1246.065978,2.176947,5300,1210.643006,192.973999,,,,,,,
6/30/1997 00:00:00,50.488998,,2532.650879,249.442001,13.152594,592.763993,1036.046,373.524,678.465,10.064545,25.338544,2777.952,892.718,1741.906,2.517604,5500,1409.191895,373.524,,,,,,,
6/30/1998 00:00:00,61,,3898,343,15.85782,855,1473,778,704,10.024913,27.341069,4065,1381,2592,2.727312,6600,2009,778,47.6875,53.4063,44.8125,33.85,1,0,0
6/30/1999 00:00:00,62,,4003,246,5.520868,933,1570,741,702,6.002196,16.168255,4132,1368,2562,2.693723,11000,2071,741,53.4063,44.8125,33.85,42.68,0,0,0
6/30/2000 00:00:00,63,,3989,394,12.187872,981,1794,773,590,9.286977,23.424495,4353,1574,2559,2.522295,11000,1739,773,44.8125,33.85,42.68,42.65,0,0,0
6/30/2001 00:00:00,67,,3903,323,6.779893,895,1900,319,685,7.73838,17.487818,3995,1069,2095,2.259881,11000,1584,319,33.85,42.68,42.65,53.78,1,1,1
6/30/2002 00:00:00,66,,4022,322,8.892571,949,1366,332,678,8.564969,19.71831,3524,1226,2158,2.302205,9500,1743,332,42.68,42.65,53.78,55.72,0,1,0
6/30/2003 00:00:00,76,,4144,493,23.932667,1046,1215,574,495,13.740245,38.202247,3652,1451,2437,2.780318,8900,1919,574,42.65,53.78,55.72,60.97,1,1,1
6/30/2004 00:00:00,84,,4324,549,23.139148,1069,1540,291,475,14.667379,39.854809,3834,1268,2294,2.717241,8600,1937,291,53.78,55.72,60.97,62.1,0,0,0
6/30/2005 00:00:00,88,,4388,1096,,1011,-553,361,2122,29.41887,,3617,1348,4170,7.549139,7600,1895,361,55.72,60.97,62.1,52.2,0,0,0
6/30/2006 00:00:00,99,,4644,444,,967,-156,308,1966,12.277063,,3616,1130,3772,,7600,1959,308,60.97,62.1,52.2,55.83,0,0,0
6/30/2007 00:00:00,108,5.882975,4847,501,,1059,171,574,1462,13.759956,,3666,1427,3495,485.466667,,2091,574,62.1,52.2,55.83,62.16,0,0,0
6/30/2008 00:00:00,111,7.67553,5273,461,,1093,-370,755,2720,11.01027,,4708,1661,5078,,,2175,755,52.2,55.83,62.16,67.44,0,0,0
6/30/2009 00:00:00,113,8.244586,5158,537,,1083,-175,998,2151,11.56829,,4576,1937,4751,,8300,2204,998,55.83,62.16,67.44,72.46,1,0,0
6/30/2010 00:00:00,118,9.867365,5234,603,,1152,83,671,2124,13.217887,,4548,1645,4465,,8300,2319,671,62.16,67.44,72.46,83.8,0,0,1
6/30/2011 00:00:00,115,9.176778,5231,557,,836,-86,459,2125,12.788428,,4163,1365,4249,,8100,2273,459,67.44,72.46,83.8,91.4,0,1,1
6/30/2012 00:00:00,121,11.458389,5468,541,,1081,-135,1150,1571,12.702512,,4355,2061,4490,,8400,2304,1150,72.46,83.8,91.4,104.02,1,1,1
6/30/2013 00:00:00,130,10.721064,5533,572,,1150,146,202,2170,13.201015,,4311,1134,4165,787.818182,8400,2391,202,83.8,91.4,104.02,138.39,0,1,1
6/30/2014 00:00:00,125,8.949886,5514,558,135.564767,1154,154,718,1595,13.02369,372,4258,1638,4104,28.563333,7700,2356,718,91.4,104.02,138.39,133.24,1,1,1
6/30/2015 00:00:00,136,13.764804,5655,580,155.528053,1177,118,395,1796,13.77345,426.470588,4164,1405,4046,30.963235,7700,2465,395,104.02,138.39,133.24,,1,1,
6/30/2016 00:00:00,141,8.933992,5761,648,120.481928,1229,297,523,1789,14.941204,312.289157,4510,1558,4213,20.901205,8000,2598,523,138.39,133.24,,,0,,
6/30/2017 00:00:00,135,8.06889,5973,701,69.170946,1290,542,804,1391,15.435429,167.103695,4573,1809,4031,10.825983,8000,2671,804,133.24,,,,,,
12/31/2017 00:00:00,135,8.06889,6040,798,82.463435976499,1280,760,495,1788,17.1134462792194,154.95145631068,4758,1380,3998,6.92159763313609,8100,2684,495,148.74,,,,,,
