Date,Rdexpense,Ceo,Revenue,NetIncome,SustGrowthRate,Ebitda,TotalEquity,ShortTermDebt,LongTermDebt,ReturnOfAssets,ReturnOfEquity,TotalAssets,TotalCurrentLiab,TotalLiab,FinLeverage,NumOfEmployees,GrossProfit,OperatingMargin,StockNow,TargetStock1Year,TargetStock2Year,TargetStock3Year,TargetStock1YGrowth,TargetStock2YGrowth,TargetStock3YGrowth
12/31/1987 00:00:00,,,309250,-9381,,112309.002,259020.996,26610.001,616064.026,,,1034875.977,114734.001,775855.026,,2798,191168.999,26610.001,,,,,,,
12/31/1988 00:00:00,,,449906.006,-47556.999,,176849.998,385619.999,11921,1811001.953,-2.792864,-20.468577,2370731.934,121613.998,1985111.95,7.328884,3168,278484.009,11921,,,,,,,
12/31/1989 00:00:00,,,562283.997,-148750,,223746.01,378500,11076,1997579.956,-6.005903,-79.60782,2582728.027,157240.997,2204227.955,13.254929,3292,354281.998,11076,,,,,,,
12/31/1990 00:00:00,,,657039.001,-178406.006,,271167,224542.999,37944,2001932.007,-7.080585,,2456572.998,186983.994,2232029.999,34.431803,3478,413104.004,37944,,,,,,,
12/31/1991 00:00:00,,,721000,-155572.006,,309250,307507.996,94680,2164884.033,-5.926375,,2793583.984,264307.007,2486076.038,,3722,468875,94680,,,,,,,
12/31/1992 00:00:00,,,900344.971,-270231.995,,397153,-181641.052,87205.002,3973513.916,-7.649358,,4271897.949,391674.988,4453538.902,,5327,624834.961,87205.002,,,,,,,
12/31/1993 00:00:00,,,1338228.027,-859224.976,,606395.996,-870531.005,264781.006,4162915.039,-18.637934,,4948275.879,594565.979,5818807.068,,5391,930382.019,264781.006,,,,,,,
12/31/1994 00:00:00,,,1375303.955,-87028,,576256.012,-99044.067,182912.994,4810541.016,-1.486228,,6762983.887,660638,6862028.015,,6700,965462.952,182912.994,,,,,,,
12/31/1995 00:00:00,,,3362946.045,-43932.999,,1018842.987,-55646.973,85403,6943766.113,-0.537627,,9580307.617,1122068.97,9635955.078,,12200,1661317.993,85403,,,,,,,
12/31/1996 00:00:00,,,4038399.902,-53500,,1207199.982,1410899.939,229500,7102700.195,-0.493795,,12088599.609,1364900.024,10677700.317,,16400,1978799.804,229500,,,,,,,
12/31/1997 00:00:00,,,4467700.195,-238699.997,,1293100.006,2678299.927,132300.003,5334100.098,-2.038829,-31.275063,11326799.805,1433500,8648500.122,14.444144,17600,1993400.146,132300.003,5.3542,9.5729,15.9583,13.7708,1,1,1
12/31/1998 00:00:00,,,5145299.805,972099.976,41.818081,1496699.952,4649299.927,113500,5464200.195,7.436448,43.415207,14817400.391,3092600.098,10168100.342,6.018324,17000,2272999.756,113500,9.5729,15.9583,13.7708,12,1,1,0
12/31/1999 00:00:00,,,6529200.195,1065699.951,15.180948,1880000,11349800,517500,8707200,4.899432,15.920825,28685600,5478100,17335800,3.342682,25700,2806100.097,517500,15.9583,13.7708,12,7.8567,0,0,0
12/31/2000 00:00:00,,,8218600,2021500,16.752469,2470300.049,14141000,293900,10517400,6.275017,16.752469,35744500,3473500,20346300.537,2.701109,35000,3721199.707,293900,13.7708,12,7.8567,10.9567,0,0,0
12/31/2001 00:00:00,,,9836000,609000,4.265527,2670000,15353000,460000,11742000,1.645824,4.265527,38261000,3223000,22908000,2.591728,38000,7322000,460000,12,7.8567,10.9567,11.0933,0,0,0
12/31/2002 00:00:00,,,8102000,-274000,,2836000,38578000,6953000,27956000,-0.361981,-1.037839,113128000,15406000,74550000,2.867107,42000,5090000,6953000,7.8567,10.9567,11.0933,8.6533,1,1,0
12/31/2003 00:00:00,,,18348000,3240000,,6392000,41954000,3161000,23835000,2.91515,8.100911,109159000,9654000,67205000,2.7789,31000,11307000,3161000,10.9567,11.0933,8.6533,14.11,0,0,0
12/31/2004 00:00:00,,,20307000,970000,2.334986,7531000,41890000,3499000,20093000,0.907165,2.334986,104694000,8635000,62804000,2.573937,74000,12845000,3499000,11.0933,8.6533,14.11,9.13,0,1,0
12/31/2005 00:00:00,,,21075000,928000,,8072000,-2149000,1689000,21682000,0.891905,,103400000,6524000,62524000,5.388803,80000,13562000,1689000,8.6533,14.11,9.13,8.44,1,0,0
12/31/2006 00:00:00,,,24966000,2533000,,9442000,41408000,983000,27992000,2.369449,,110405000,7440000,68997000,5.573499,90000,15956000,983000,14.11,9.13,8.44,8.43,0,0,0
12/31/2007 00:00:00,,24882.766,30895000,2587000,6.270983,11786000,41590000,1495000,29828000,2.311658,6.270983,113417000,7952000,71827000,2.712764,100000,18726000,1495000,9.13,8.44,8.43,10.985,0,0,0
12/31/2008 00:00:00,,26240.363,34423000,2547000,4.450422,13132000,40747000,2278000,30178000,2.249662,6.228145,113017000,8939000,72270000,2.76848,100000,20784000,2278000,8.44,8.43,10.985,11.855,0,1,1
12/31/2009 00:00:00,0,27246.367,35756000,3638000,6.70426,13714000,42977000,1156000,27940000,3.223034,8.748242,112733000,7249000,69756000,2.714287,107000,21376000,1156000,8.43,10.985,11.855,18.69,1,1,1
12/31/2010 00:00:00,0,31058.959,37937000,3635000,5.916738,14596000,44577000,1800000,29615000,3.143553,8.349124,118534000,8234000,73957000,2.655952,102000,29382000,1800000,10.985,11.855,18.69,25.9825,0,1,1
12/31/2011 00:00:00,0,26934.077,55842000,4160000,6.388877,18357000,63669000,1367000,37942000,3.010653,9.080194,157818000,13241000,94149000,3.016021,126000,39244000,1367000,11.855,18.69,25.9825,29.005,1,1,1
12/31/2012 00:00:00,0,29124.014,62570000,6203000,9.245576,19977000,66794000,2376000,38082000,3.843378,12.838663,164971000,16714000,98177000,3.340464,129000,42641000,2376000,18.69,25.9825,29.005,28.215,1,1,1
12/31/2013 00:00:00,,31367.254,64657000,6816000,9.627186,21434000,52015000,3280000,44567000,4.210214,13.625187,158813000,18912000,106798000,3.236222,,44987000,3280000,25.9825,29.005,28.215,34.525,1,0,0
12/31/2014 00:00:00,0,32961.056,68775000,8380000,11.720903,22923000,54134000,4217000,44017000,5.267922,16.208114,159339000,17410000,105205000,3.076756,139000,47863000,4217000,29.005,28.215,34.525,40.05,0,0,1
12/31/2015 00:00:00,0,36248.269,74510000,8163000,10.821109,24678000,55199000,3627000,48994000,5.009312,15.551534,166574000,18178000,111375000,3.104525,153000,51960000,3627000,28.215,34.525,40.05,,1,1,
12/31/2016 00:00:00,0,32963.491,80403000,8695000,11.477046,26417000,57620000,5480000,55566000,5.010459,16.372915,180500000,21535000,122880000,3.267748,159000,55940000,5480000,34.525,40.05,,,1,,
12/31/2017 00:00:00,0,,84526000,22714000,32.336453,27812000,70806000,5134000,59422000,12.363076,37.069254,186949000,21561000,116143000,2.998384,164000,59142000,5134000,40.05,,,,,,
12/31/2017 00:00:00,0,32963.491,84526000,22714000,35.2485685194506,27812000,70806000,5134000,59422000,12.3630762364301,37.0692539310806,186949000,21561000,116143000,3.00121741794522,164000,59142000,5134000,40.05,,,,,,
