Date,Rdexpense,Ceo,Revenue,NetIncome,SustGrowthRate,Ebitda,TotalEquity,ShortTermDebt,LongTermDebt,ReturnOfAssets,ReturnOfEquity,TotalAssets,TotalCurrentLiab,TotalLiab,FinLeverage,NumOfEmployees,GrossProfit,OperatingMargin,StockNow,TargetStock1Year,TargetStock2Year,TargetStock3Year,TargetStock1YGrowth,TargetStock2YGrowth,TargetStock3YGrowth
12/31/1987 00:00:00,40000,,3793000,395899.994,,804300.011,1211400.047,151399.994,290399.994,,,2680899.902,853400.024,1469500.031,,17762,1853699.951,151399.994,,,,,,,
12/31/1988 00:00:00,42000,,4348799.805,480399.994,21.762042,933799.973,1483200.027,440200.012,272100.006,16.070115,35.656497,3297899.902,1183500,1814700.012,2.218808,17461,2115399.902,440200.012,,,,,,,
12/31/1989 00:00:00,42900.002,,4651700.195,470200.012,15.164297,900100.006,1634400.002,478200.012,371399.994,14.060375,30.164229,3390399.902,1037199.951,1755999.939,2.145336,17268,2237900.146,478200.012,,,,,,,
12/31/1990 00:00:00,38299.999,,5181399.902,502799.988,15.327187,1086199.997,1901800.003,382600.006,295600.006,14.084428,28.437305,3749399.902,1109599.976,1847599.976,2.01906,17239,2504799.804,382600.006,,,,,,,
12/31/1991 00:00:00,34700.001,,5786600.098,606000,17.072091,1250700.027,2159799.957,449100.006,15200,15.79112,29.840457,3925800.049,1324400.024,1766000.018,1.889699,17017,2957900.147,449100.006,,,,,,,
12/31/1992 00:00:00,36599.998,,6190600.098,431200.012,12.196515,1294300.049,1945199.997,211899.994,314899.994,10.860367,21.008527,4015000,1071000,2069800.018,1.934421,16551,3202900.147,211899.994,,,,,,,
12/31/1993 00:00:00,59200.001,,6295399.902,680700.012,20.526978,1334100.036,1713400.055,388200.012,521599.976,16.497619,37.210955,4237100.098,1214599.976,2523699.952,2.255535,16150,3306399.902,388200.012,,,,,,,
12/31/1994 00:00:00,71699.997,,6562000,705400.024,22.255672,1418699.982,1807500.046,275700.012,719200.012,16.207896,40.069301,4467299.805,1185199.951,2659799.987,2.472209,15657,3611300.049,275700.012,,,,,,,
12/31/1995 00:00:00,72199.997,,7003700.195,490299.988,9.522129,1518100.037,1590900.024,189899.994,717799.988,11.04043,28.854754,4414600.098,1265400.024,2823700.012,2.613553,14487,3826000.244,189899.994,,,,,,,
12/31/1996 00:00:00,84300.003,,6676600.098,531000,13.037274,1346500,1282399.979,1153800.049,726700.012,11.220759,36.960986,5050000,2199000,3767600.036,3.293983,14511,3553700.196,1153800.049,,,,,,,
12/31/1997 00:00:00,106099.998,,6830100.098,546000,17.315988,1480499.939,997487.503,579799.988,1415400.024,10.999637,47.897101,4877600.098,1657300.049,3880100.098,4.354425,14339,3560000,579799.988,9.5625,11.0625,8.7813,7.4375,1,0,0
12/31/1998 00:00:00,121900.002,,6762100.098,502600.006,13.490261,1243699.982,889800.003,621500,1614500,10.123778,53.261626,5051500,1718500,4161700.012,5.261043,14498,3479500,621500,11.0625,8.7813,7.4375,7.275,0,0,0
12/31/1999 00:00:00,104100,,6984200,338300,-5.918967,1361400,813200,521500,1612800,6.86193,39.729888,4808700,1587800,3995500,5.7899,15051,3659100,521500,8.7813,7.4375,7.275,5.4125,0,0,0
12/31/2000 00:00:00,118400,,6954700,587700,21.48828,1366900,897500,1386300,709200,12.111283,68.708716,4896300,2492600,3998800,5.673116,15200,3627700,1386300,7.4375,7.275,5.4125,6.8225,0,0,0
12/31/2001 00:00:00,110200,,7548400,473600,8.020548,1639800,871500,595600,5619000,6.205085,53.544375,10368600,2207600,9497100,8.629112,26424,3337000,595600,7.275,5.4125,6.8225,8.3725,0,0,0
12/31/2002 00:00:00,106400,,8304100,720900,34.916336,1856500,895100,1197300,4519400,7.003143,81.614401,10219300,3014900,9324200,11.653968,25676,3735100,1197300,5.4125,6.8225,8.3725,8.93,1,1,1
12/27/2003 00:00:00,126700,,8811500,787100,32.048924,1916900,1443200,898900,4265400,7.697762,67.322414,10230800,2766000,8787600,8.745713,25250,3912600,898900,6.9125,7.9925,8.8525,10.04,1,1,1
1/1/2005 00:00:00,148900,,9613900,890600,25.564804,2091100,2257200,988300,3892600,8.473351,48.135337,10790400,2846000,8533200,5.680791,25000,4315200,988300,8.3725,8.93,10.2525,6.2525,0,1,0
12/31/2005 00:00:00,181000,,10177200,980400,23.945914,2142100,2283700,1194700,3702600,9.17767,43.180867,10574500,3162800,8290800,4.704992,25600,4565600,1194700,8.93,9.875,6.2525,7.3125,1,0,0
12/30/2006 00:00:00,190600,,10906700,1004100,25.396237,2200500,2069000,1991300,3053000,9.433262,46.136881,10714000,4020200,8645000,4.890872,26000,4899200,1991300,9.875,6.2525,7.2025,8.78,0,0,0
12/29/2007 00:00:00,179000,11264.132,11776000,1103000,27.334059,2340000,2526000,1955000,3270000,9.976935,48.008705,11397000,4044000,8871000,4.81197,26500,5202000,1955000,6.2725,7.125,8.7675,14.3575,1,1,1
1/3/2009 00:00:00,181000,12301.338,12822000,1148000,32.78309,2328000,1448000,1388000,4068000,10.276149,57.775541,10946000,3552000,9498000,5.622295,32400,5367000,1388000,7.3975,8.7175,14.47,18.4875,1,1,1
1/2/2010 00:00:00,181000,11419.447,12575000,1212000,35.806452,2385000,2275000,45000,4835000,10.945543,65.16129,11200000,2288000,8925000,5.953226,30949,5391000,45000,8.64,14.47,18.4875,21.97,1,1,1
1/1/2011 00:00:00,187000,7972.436,12397000,1247000,29.93228,2382000,2154000,996000,4908000,10.821365,56.297968,11847000,3184000,9693000,5.202483,30645,5289000,996000,14.1725,18.7725,21.545,36.685,1,1,1
12/31/2011 00:00:00,192000,6595.113,13198000,866000,13.252403,1796000,1798000,995000,5037000,7.28037,43.803743,11943000,3313000,10145000,6.016692,30700,5152000,995000,18.7725,21.545,36.685,59.76,1,1,1
12/29/2012 00:00:00,206000,6618.301,14197000,961000,16.142857,2010000,2465000,1820000,6082000,7.089112,45.761905,15169000,4523000,12704000,6.455238,31000,5434000,1820000,21.365,36.02,59.73,82.77,1,1,1
12/28/2013 00:00:00,199000,7963.872,14792000,1807000,38.796436,3369000,3607000,1028000,6330000,11.793884,60.749706,15474000,3835000,11867000,5.15095,30277,6103000,1028000,36.005,59.73,82.42,88.69,1,1,1
1/3/2015 00:00:00,199000,9263.101,14580000,632000,-1.547206,1527000,2851000,1435000,5935000,4.127077,19.955794,15153000,4364000,12302000,4.835333,29790,5063000,1435000,60.33,78.4,88,74.66,1,1,0
1/2/2016 00:00:00,193000,9871.207,13525000,614000,-3.498068,1625000,2138000,2470000,5275000,4.038942,24.974578,15251000,5739000,13113000,6.183445,33577,4681000,2470000,80.51,88,75.01,,0,0,
12/31/2016 00:00:00,182000,12399.646,13014000,694000,-1.089648,1912000,1926000,1069000,6698000,4.571504,34.373452,15111000,4474000,13185000,7.519069,37369,4755000,1069000,88.73,73.51,,,0,,
12/30/2017 00:00:00,148000,17715.52,12923000,1269000,25.861232,2427000,2228000,779000,7836000,8.067131,61.572052,16350000,4479000,14122000,7.63246,33000,5022000,779000,73.51,,,,,,
12/30/2017 00:00:00,,17715.52,12923000,1269000,34.8141043953802,2427000,2228000,779000,7836000,8.06713073328883,61.5720524017467,16350000,4479000,14122000,7.72916163324475,33000,5022000,779000,73.51,,,,,,
