Date,Rdexpense,Ceo,Revenue,NetIncome,SustGrowthRate,Ebitda,TotalEquity,ShortTermDebt,LongTermDebt,ReturnOfAssets,ReturnOfEquity,TotalAssets,TotalCurrentLiab,TotalLiab,FinLeverage,NumOfEmployees,GrossProfit,OperatingMargin,StockNow,TargetStock1Year,TargetStock2Year,TargetStock3Year,TargetStock1YGrowth,TargetStock2YGrowth,TargetStock3YGrowth
11/30/1987 00:00:00,,,330050.995,23014,,40395.001,205343.002,54000,120093.002,,,537947.998,138016.006,332605.011,,1103,56790.009,54000,,,,,,,
11/30/1988 00:00:00,,,380518.005,27620.001,11.603139,43046,231917.992,6000,126768.997,5.272441,12.633188,509764.008,66913.002,277846.001,2.396079,1138,59598.999,6000,,,,,,,
11/30/1989 00:00:00,,,440316.01,28093,10.51982,48507.999,259079.002,0,435109.009,4.07756,11.443247,868168.03,64884.003,609089.012,2.806396,1097,64714.996,0,,,,,,,
11/30/1990 00:00:00,,,350869.995,13658,4.305728,27468,269705.002,0,387869.995,1.603635,5.165814,835211.975,62977.001,565507,3.221315,905,41520.996,0,,,,,,,
11/30/1991 00:00:00,,,325743.011,21148.001,6.729751,40371.999,291237,0,356013,2.491686,7.540174,862273.01,65277,571036.002,3.026133,1017,50361.022,0,,,,,,,
11/30/1992 00:00:00,,,429428.009,29146,8.794121,63563.001,319330.002,0,177651.993,3.163687,9.547191,980260.986,78943.001,660930.993,3.017743,,73389.008,0,,,,,,,
11/30/1993 00:00:00,,,664664.001,52511.002,12.682209,92030.001,467473.007,0,363553.986,4.826931,13.347941,1195489.99,104723,728016.976,2.765306,1660,103812.011,0,,,,,,,
11/30/1994 00:00:00,,,817926.025,69125.999,13.137618,120142.002,534088.013,0,464898.01,5.55516,13.803652,1293223.022,128057.999,809931.015,2.484834,1575,137437.011,0,,,,,,,
11/30/1995 00:00:00,,,870468.018,70427.002,11.72538,144984.007,607794.006,0,407273.01,5.148954,12.33525,1442362.061,141492.996,834568.008,2.395681,1552,145233.033,0,,,,,,,
11/30/1996 00:00:00,,,1041661.011,87986,12.587035,119359,695455.994,0,361333.008,5.803912,13.502551,1589593.018,184686.005,894137.024,2.326457,1894,119716.004,0,,,,,,,
11/30/1997 00:00:00,,,1303082.031,84431,13.920966,148973.998,438999.009,0,527302.979,5.757555,14.884857,1343284.058,221020.004,904284.989,2.585274,2173,155785.034,0,,,,,,,
11/30/1998 00:00:00,,,2416864.99,144067.993,24.477942,313006.004,715665.024,0,530630.005,8.835497,24.954097,1917833.984,355707.001,1202169.007,2.8243,4094,316704.101,0,10.1036,7.4074,14.3891,16.8923,0,1,1
11/30/1999 00:00:00,,,3118514,172714,20.575845,373292,881499,0,523661,8.688961,20.934105,2057647,333532,1176148,2.489087,4859,371899,0,7.4074,14.3891,16.8923,24.076,1,1,1
11/30/2000 00:00:00,,,4706968,229137,21.443842,518503,1228580,0,1254650,7.853127,21.718334,3777914,778238,2549334,2.765565,7140,524391,0,14.3891,16.8923,24.076,50.6586,1,1,1
11/30/2001 00:00:00,,,6029301,417845,28.720339,847309,1659262,0,1505255,9.840515,28.938218,4714426,755726,3055164,2.940722,7728,874757,0,16.8923,24.076,50.6586,44.8491,1,1,1
11/30/2002 00:00:00,,,7235520,545129,27.879043,992343,2229157,0,1585309,10.413103,28.038594,5755633,969779,3526476,2.692626,9419,1031270,0,24.076,50.6586,44.8491,57.5762,1,1,1
11/30/2003 00:00:00,,,8907619,751391,26.531773,1157757,3263774,0,1552217,11.992452,27.358472,6775432,1086175,3511658,2.281308,10572,2087477,0,50.6586,44.8491,57.5762,52.4055,0,0,0
11/30/2004 00:00:00,,,10500968,945619,23.660554,1395447,4095699,,2021014,11.8642,25.848075,9165280,777435,5069581,2.178661,11796,2554508,,44.8491,57.5762,52.4055,15.8115,1,0,0
11/30/2005 00:00:00,,,13866971,1355155,27.196061,2072035,5329654,,2592772,12.486165,29.12939,12541225,1183275,7211571,2.332933,13687,3607040,,57.5762,52.4055,15.8115,6.3486,0,0,0
11/30/2006 00:00:00,,,16266662,593869,8.994499,1227902,5756765,,2613503,4.76057,10.844166,12408266,1085219,6651501,2.277913,12605,3140745,,52.4055,15.8115,6.3486,12.6472,0,0,0
11/30/2007 00:00:00,,5843.783,10186781,-1941081,,-1823761,3850647,,2295436,-18.047323,-40.764064,9102747,1095215,5252100,2.258732,6934,-336504,,15.8115,6.3486,12.6472,15.1627,0,0,0
11/30/2008 00:00:00,,1058.294,4575417,-1109085,,-211668,2788753,,2544935,-13.420968,-34.416239,7424898,839504,4636145,2.564363,4704,540940,,6.3486,12.6472,15.1627,18.3769,1,1,1
11/30/2009 00:00:00,,7367.857,3119387,-417147,,-440307,2588014,0,2761352,-5.660187,-16.466916,7314791,687955,4726777,2.909253,3873,106612,0,12.6472,15.1627,18.3769,37.9715,1,1,1
11/30/2010 00:00:00,,9663.23,3074022,95261,2.612106,137887,3194383,0,3898868,1.183172,3.7709,8787851,552239,5593468,3.18711,4108,595255,0,15.1627,18.3769,37.9715,35.6956,1,1,1
11/30/2011 00:00:00,0,11865.81,3095385,92199,2.303193,124973,3303525,0,4158879,1.027715,3.430569,9154671,527301,5851146,3.381925,4062,583527,0,18.3769,37.9715,35.6956,46.1867,1,1,1
11/30/2012 00:00:00,0,12958.311,4105132,679124,20.873107,344377,4001208,0,4605653,6.959351,21.8678,10362206,485555,6360998,3.193608,4722,443634,0,37.9715,35.6956,46.1867,51.1178,0,1,1
11/30/2013 00:00:00,0,13708.71,5935095,479674,11.655262,716185,4627470,0,4691440,4.434148,12.470488,11273247,656241,6645777,2.852902,5741,831896,0,35.6956,46.1867,51.1178,42.4634,1,1,0
11/30/2014 00:00:00,,17909.543,7779812,638916,12.988153,960580,5251302,0,4661266,5.281084,13.716817,12923151,457586,7671849,2.689708,6825,1814022,0,46.1867,51.1178,42.4634,62.78,1,0,1
11/30/2015 00:00:00,,17909.693,9474008,802894,14.520601,1129682,5950072,0,5025130,5.87283,15.161602,14419509,527340,8469437,2.610038,7749,2133310,0,51.1178,42.4634,62.78,,0,1,
11/30/2016 00:00:00,,19225.403,10949999,911844,13.679895,1312582,7211567,0,4575977,6.123603,14.243093,15361781,588552,8150214,2.349611,8335,2393842,0,42.4634,62.78,,,1,,
11/30/2017 00:00:00,,19127.533,12646365,810480,10.26571,1265319,7986132,0,6410003,4.752599,10.775093,18745034,985673,10758902,2.2893,9111,2640732,0,62.78,,,,,,
